@ARTICLE{flanaganhughes2005,
   author = {{Flanagan}, {\'E}.~{\'E}. and {Hughes}, S.~A.},
    title = "{The basics of gravitational wave theory}",
  journal = {New Journal of Physics},
     year = 2005,
    month = sep,
   volume = 7,
   adsurl = {http://adsabs.harvard.edu/abs/2005NJPh....7..204F},
  adsnote = {Provided by the SAO/NASA Astrophysics Data System}
}